

@Misc{Docker,
  OPTkey = 	 {},
  OPTauthor = 	 {},
  title = 	 {Docker -- An open platform for distributed applications for developers and sysadmin},
  OPThowpublished = {},
  OPTmonth = 	 {},
  year = 	 {2015},
  note = 	 {href{http://docker.com}{http://docker.com}},
  OPTannote = 	 {}
}


@Misc{IPython-widget-GUI-demo-youtube-2014,
  OPTkey = 	 {},
  OPTauthor = 	 {},
  title = 	 {Notebook based interactive GUI for common simulation requirements},
  OPThowpublished = {},
  OPTmonth = 	 {},
  year = 	 {2014},
  note = 	 {\href{https://www.youtube.com/watch?v=RhMHgQbP__A}{https://www.youtube.com/watch?v=RhMHgQbP\_\_A}},
  OPTannote = 	 {}
}




@Misc{Micromagnetic-Standardproblem-3,
  OPTkey = 	 {},
  OPTauthor = 	 {},
  OPTtitle = 	 {},
  OPThowpublished = {},
  OPTmonth = 	 {},
  OPTyear = 	 {},
  note = 	 {\href{http://www.ctcms.nist.gov/~rdm/spec3.html}{http://www.ctcms.nist.gov/~rdm/spec3.html}},
  OPTannote = 	 {}
}


@Misc{Nmag-tutorial-url,
  OPTkey = 	 {},
  OPTauthor = 	 {},
  title = 	 {Nmag --- Guided tour},
  OPThowpublished = {},
  OPTmonth = 	 {},
  OPTyear = 	 {},
  note = 	 {\href{http://nmag.soton.ac.uk/nmag/0.2/manual/html/guided_tour.html}{http://nmag.soton.ac.uk/nmag/0.2/manual/html/guided\_tour.html}},
  OPTannote = 	 {}
}




@Misc{Nmag-url,
  OPTkey = 	 {},
  OPTauthor = 	 {},
  title = 	 {Nmag micromagnetic simulation suite},
  OPThowpublished = {},
  OPTmonth = 	 {},
  OPTyear = 	 {},
  note = 	 {\href{http://nmag.soton.ac.uk}{http://nmag.soton.ac.uk}},
  OPTannote = 	 {}
}


@Misc{OOMMF-citations-url,
  OPTkey = 	 {},
  OPTauthor = 	 {},
  OPTtitle = 	 {},
  OPThowpublished = {},
  OPTmonth = 	 {},
  OPTyear = 	 {2014},
  note = 	 {\href{http://math.nist.gov/oommf/oommf_cites.html}{http://math.nist.gov/oommf/oommf\_cites.html}},
  OPTannote = 	 {}
}


@Misc{OOMMF-url,
  OPTkey = 	 {},
  OPTauthor = 	 {},
  OPTtitle = 	 {},
  OPThowpublished = {},
  OPTmonth = 	 {},
  OPTyear = 	 {},
  note = 	 {\href{http://math.nist.gov/oommf/}{http://math.nist.gov/oommf/}},
  OPTannote = 	 {}
}


@Misc{trac-sagemath,
  OPTkey = 	 {},
  OPTauthor = 	 {},
  OPTtitle = 	 {},
  OPThowpublished = {},
  OPTmonth = 	 {},
  OPTyear = 	 {},
  note = 	 {\href{http://trac.sagemath.org}},
  OPTannote = 	 {}
}

@Misc{Trac,
  OPTkey = 	 {},
  OPTauthor = 	 {},
  title = 	 {Trac Open Source Project},
  OPThowpublished = {},
  OPTmonth = 	 {},
  OPTyear = 	 {},
  note = 	 {\href{http://trac.edgewall.org/}},
  OPTannote = 	 {}
}

@Misc{Virtualbox,
  OPTkey = 	 {},
  OPTauthor = 	 {},
  title = 	 {VirtualBox},
  OPThowpublished = {},
  OPTmonth = 	 {},
  year = 	 {2015},
  note = 	 {href{http://virtualbox.org}{http://virtualbox.org}},
  OPTannote = 	 {}
}


@incollection{AGTbook,
    AUTHOR = {Nisan, Noam},
     TITLE = {Introduction to mechanism design (for computer scientists)},
 BOOKTITLE = {Algorithmic game theory},
     PAGES = {209--241},
 PUBLISHER = {Cambridge Univ. Press, Cambridge},
      YEAR = {2007},
   MRCLASS = {91B14 (68Q99 68W01)},
  MRNUMBER = {2391756},
}

@article{crowds,
 author = {Slivkins, Aleksandrs and Vaughan, Jennifer Wortman},
 title = {Online Decision Making in Crowdsourcing Markets: Theoretical Challenges},
 journal = {SIGecom Exch.},
 issue_date = {December 2013},
 volume = {12},
 number = {2},
 month = nov,
 year = {2014},
 issn = {1551-9031},
 pages = {4--23},
 numpages = {20},
 url = {http://doi.acm.org/10.1145/2692359.2692364},
 doi = {10.1145/2692359.2692364},
 acmid = {2692364},
 publisher = {ACM},
 address = {New York, NY, USA},
 keywords = {crowdsourcing, dynamic pricing, multi-armed bandits, reputation systems},
}


@Article{Fischbacher2007a,
  author = 	 {T Fischbacher and M. Franchin and G Bordignon and H Fangohr},
  title = 	 {A systematic approach to multiphysics extensions
of finite-element based micromagnetic simulations: nmag},
  journal = 	 {IEEE Transactions on Magnetics},
  year = 	 {2007},
  OPTkey = 	 {},
  volume = 	 {43},
  number = 	 {6},
  pages = 	 {2896-2898},
  OPTmonth = 	 {},
  OPTannote = 	 {}
}

 
@book{pref-aggr,
 title =  {Handbook of Computational Social Choice},
 publisher =  {Cambridge University Press},
 year =  {2015},
 editor =  {F. Brandt and V. Conitzer and U. Endriss and J. Lang and A. D. Procaccia},
}

@Misc{shellshock,
  OPTkey = 	 {},
  OPTauthor = 	 {},
  title = 	 {CVE-2014-6271},
  OPThowpublished = {},
  OPTmonth = 	 {},
  OPTyear = 	 {},
  note = 	 {\href{https://cve.mitre.org/cgi-bin/cvename.cgi?name=CVE-2014-6271}},
  OPTannote = 	 {},
}

@article{misfort,
author={Antonio J. Dur\'{a}n and Mario P\'{e}rez and Juan L. Varona},
title={ The Misfortunes of a Trio of Mathematicians Using Computer Algebra Systems.  Can We Trust in Them?},
journal={Notices of AMS},
year=2014,
pages={1249-1252},
volume=61,
number=10,
note={\href{http://dx.doi.org/10.1090/noti1173}}}

