@PREAMBLE{ "\def\cprime{$'$} " }
%%%  BibTeX-file{
%%%     author          = "Nicolas Thiéry,
%%%     version         = "$Revision: 1.1 $",
%%%     timestamp       = "$Date: 1997/11/11 03:23:45 $",
%%%	address		= "77, rue J.-C. Vivant, 69100 Villeurbanne, FRANCE",
%%%     filename        = "isil-publish.bib",
%%%     email           = "Nicolas.Thiery at ens.fr",
%%%     codetable       = "ISO/ASCII",
%%%     keywords        = "journal, bibliography",
%%%     supported       = "no",
%%%     docstring       = "Complément personnel de journal.bib:
%%%			   This file defines journal abbreviations.
%%%			   Entries are alphabetical.  `j' is removed
%%%			   as  part of the journal name, since every
%%%			   string name starts with `j'.  Multiword
%%% 			   identifiers use `-' as a separator."
%%%  }
@PREAMBLE{ "\ifx\undefined\allcaps\def\allcaps#1{#1}\fi" }
%%%  BibTeX-file{
%%%     author          = "Nicolas Thiéry,
%%%     version         = "$Revision: 1.2 $",
%%%     timestamp       = "$Date: 1998/05/20 18:06:06 $",
%%%	address		= "77, rue J.-C. Vivant, 69100 Villeurbanne, FRANCE",
%%%     filename        = "isil-publish.bib",
%%%     email           = "Nicolas.Thiery at ens.fr",
%%%     codetable       = "ISO/ASCII",
%%%     keywords        = "publisher, bibliography",
%%%     supported       = "no",
%%%     docstring       = "Complément personnel de publish.bib:
%%%
%%%			  This file defines publisher and publisher
%%%                       address abbreviations.  Entries are
%%%                       alphabetical.  The abbreviations all start
%%%                       with the prefix `pub-'.
%%%
%%%                       Publisher tags are constructed by choosing
%%%                       one or two of the ``important'' words in the
%%%                       name, and possibly abbreviating them.
%%%                       `University' in a publisher name is
%%%                       abbreviated to just `u', or, more commonly,
%%%                       omitted entirely.  Bigger publishers get
%%%                       shorter abbreviations; for example,
%%%                       `Addison-Wesley' is just `pub-aw'.
%%%
%%%                       Address tags are the same as for the
%%%                       corresponding publishers, with the addition
%%%                       of the suffix `:adr'.  %%% For some of the
%%%                       large international publishing houses, I
%%%                       abbreviate the address.  You may wish to
%%%                       omit the address information entirely, as
%%%                       Mary-Claire van Leunen suggests.  Readers
%%%                       can find the address of Addison-Wesley, say,
%%%                       with little trouble."
%%%  }
@PREAMBLE{ "\ifx\undefined\allcaps\def\allcaps#1{#1}\fi" }

@Manual{	  gap,
  key		= "GAP",
  organization	= "The GAP Group",
  title		= "{GAP -- Groups, Algorithms, and Programming, Version 4}",
  year		= 1997,
  address	= "Lehrstuhl D f{\accent127 u}r Mathematik, RWTH Aachen,
		  Germany and School of Mathematical and Computational
		  Sciences, U. St. Andrews, Scotland",
  keywords	= "groups; *; gap; manual"
}

@Misc{		  thiery.2008.habilitation,
  author	= {Thiéry, Nicolas M.},
  title		= {{A}lgèbre {C}ombinatoire et {E}ffective; des graphes aux
		  algèbres de {K}ac \emph{via} l'exploration informatique},
  howpublished	= {Mémoire d'{H}abilitation à {D}iriger des {R}echerches},
  month		= dec,
  year		= 2008,
  note		= {Laboratoire de Mathématiques d'Orsay, Université Paris
		  Sud, arXiv:0912.2619v1 [math.CO]},
  url		= {http://arxiv.org/abs/0912.2619}
}

%       url = {http://arxiv.org/abs/0812.3056},
@Article{	  hivert_thiery.mupad-combinat.2004,
  author	= {Hivert, Florent and Thi{\'e}ry, Nicolas M.},
  title		= {Mu{PAD}-{C}ombinat, an open-source package for research in
		  algebraic combinatorics},
  journal	= {S\'em. Lothar. Combin.},
  fjournal	= {S\'eminaire Lotharingien de Combinatoire},
  volume	= {51},
  year		= {2004},
  pages		= {Art. B51z, 70 pp. (electronic)},
  mrclass	= {05-00 (05-04)},
  mrnumber	= {MR2080390 (2005c:05001)},
  note		= {\texttt{http://mupad-combinat.sf.net/}},
  url		= {http://igd.univ-lyon1.fr/~slc/wpapers/s51thiery.html}
}

@Manual{	  gap4,
  key		= "GAP",
  organization	= "The GAP~Group",
  title		= "{GAP -- Groups, Algorithms, and Programming, Version 4.1}",
  year		= 1999,
  address	= "Aachen, St~Andrews",
  url		= "http://www-gap.dcs.st-and.ac.uk/~gap",
  keywords	= "groups; *; gap; manual"
}

@TechReport{	  mckay.nauty,
  author	= {McKay, Brendan D.},
  title		= {nauty User's Guide (version 1.5)},
  institution	= {Dept. Computer Science, Austral. Nat. Univ.},
  year		= 1990,
  annote	= {Tech. Rpt. TR-CS-90-02}
}

@Manual{	  sage,
  key		= {SAGE},
  author	= {W.\thinspace{}A. Stein and others},
  organization	= {The Sage~Development Team},
  title		= {{S}age {M}athematics {S}oftware ({V}ersion 3.3)},
  note		= {{\tt http://www.sagemath.org}},
  year		= 2009
}

@Misc{		  sage-combinat.publication,
  key		= {SCP},
  title		= {The {S}age-{C}ombinat publication list},
  url		= {http://www.sagemath.org/library-publications-combinat.html}
		  
}

@Misc{		  slc.software,
  key		= {SLC-Software},
  title		= {The {C}ombinatorial {S}oftware and {D}atabases list of the
		  {S}éminaire {L}otharingien de {C}ombinatoire},
  url		= {http://www.emis.de/journals/SLC/divers/software.html}
}

@Misc{		  risc.software,
  key		= {RISC-Software},
  title		= {Algorithmic Combinatorics Software developped at RISC,
		  Linz},
  url		= {http://www.risc.jku.at/research/combinat/software/}
}

@Article{	  flajolet_zimmermann.1994,
  author	= {Flajolet, Philippe and Zimmermann, Paul and Van Cutsem,
		  Bernard},
  title		= {A calculus for the random generation of labelled
		  combinatorial structures},
  journal	= {Theoret. Comput. Sci.},
  fjournal	= {Theoretical Computer Science},
  volume	= {132},
  year		= {1994},
  number	= {1-2},
  pages		= {1--35},
  issn		= {0304-3975},
  coden		= {TCSDI},
  mrclass	= {05C80 (68R05)},
  mrnumber	= {96f:05172},
  mrrevr	= {Norbert Blum}
}

@InCollection{	  singular,
  author	= {Greuel, G.-M. and Pfister, G. and Sch{\"o}nemann, H.},
  title		= {{Singular version 1.2 User Manual }},
  institution	= {Centre for Computer Algebra},
  year		= 1998,
  booktitle	= {Reports On Computer Algebra},
  publisher	= {Centre for Computer Algebra, University of
		  Kaiserslautern},
  number	= 21,
  month		= {June},
  url		= {http://www.mathematik.uni-kl.de/~zca/Singular}
}

@TechReport{	  ace,
  author	= {Veigneau, S.},
  title		= {{ACE}, an {Algebraic Combinatorics Environment} for the
		  computer algebra system {MAPLE}: {User's Reference Manual,
		  Version 3.0}},
  number	= {98--11},
  year		= {1998},
  institution	= {IGM},
  type		= {Report}
}

@Article{	  symmetrica,
  author	= {Kerber, Adalbert and Kohnert, Axel and Lascoux, Alain},
  title		= {S{YMMETRICA}, an object oriented computer-algebra system
		  for the symmetric group},
  journal	= {J. Symbolic Comput.},
  fjournal	= {Journal of Symbolic Computation},
  volume	= {14},
  year		= {1992},
  number	= {2-3},
  pages		= {195--203},
  issn		= {0747-7171},
  mrclass	= {68Q40 (05E10 20C30 20C40)},
  mrnumber	= {MR1187231 (93g:68062)},
  abstract	= "{This is a review of an object oriented computer algebra
		  system which is devoted to representation theory, invariant
		  theory and combinatorics of the symmetric group. Moreover,
		  it can be used for classical multivariate polynomials via
		  the different actions of the symmetric group on the algebra
		  of polynomials. The review contains a brief introduction to
		  the basic methods used. Schubert polynomials are
		  introduced, examples are given, and some applications are
		  described. In particular, a new algorithm is provided for
		  the evaluation of Littlewood-Richardson coefficients via
		  symbolic computations using integer sequences instead of
		  partitions, tableaux or lattice permutations.}"
}

@PhDThesis{	  muec,
  author	= {Prosper, V.},
  title		= {Combinatoire des polyn\^omes multivari\'es},
  school	= {IGM, Universit\'e de Marne la Vall\'ee},
  year		= 1999,
  url		= {http://schubert.univ-mlv.fr/~vince/vpthesis.html}
}

@Article{	  denise_all.1998.cs,
  author	= {Denise, Alain and Dutour, Isabelle and Zimmermann, Paul},
  title		= {{C}{S}: a {M}u{P}{A}{D} package for Counting and Randomly
		  Generating Combinatorial Structures},
  journal	= {Proceedings of FPSAC'98},
  year		= 1998,
  pages		= {195-204}
}

@Article{	  mupad-combinat,
  author	= {Hivert, Florent and Thi{\'e}ry, Nicolas M.},
  title		= {Mu{PAD}-{C}ombinat, an open-source package for research in
		  algebraic combinatorics},
  journal	= {S\'em. Lothar. Combin.},
  fjournal	= {S\'eminaire Lotharingien de Combinatoire},
  volume	= {51},
  year		= {2004},
  pages		= {Art. B51z, 70 pp. (electronic)},
  mrclass	= {05-00 (05-04)},
  mrnumber	= {MR2080390 (2005c:05001)},
  note		= {\texttt{http://mupad-combinat.sf.net/}},
  url		= {http://mupad-combinat.sf.net/}
}

@Article{	  chevie,
  author	= {Geck, Meinolf and Hiss, Gerhard and L{\"u}beck, Frank and
		  Malle, Gunter and Pfeiffer, G{\"o}tz},
  title		= {C{HEVIE}---a system for computing and processing generic
		  character tables},
  note		= {Computational methods in Lie theory (Essen, 1994)},
  journal	= {Appl. Algebra Engrg. Comm. Comput.},
  fjournal	= {Applicable Algebra in Engineering, Communication and
		  Computing},
  volume	= {7},
  year		= {1996},
  number	= {3},
  pages		= {175--210},
  issn		= {0938-1279},
  coden		= {AAECEW},
  mrclass	= {20C40 (20C33)},
  mrnumber	= {1486215 (99m:20017)},
  doi		= {10.1007/BF01190329},
  url		= {http://dx.doi.org/10.1007/BF01190329}
}

@Article{	  lie,
  title		= {LiE, a software package for Lie group computations},
  author	= {Van Leeuwen, MAA},
  journal	= {Euromath Bull},
  volume	= {1},
  number	= {2},
  pages		= {83--94},
  year		= {1994}
}

@Manual{	  pari,
  organization	= "{The PARI~Group}",
  title		= "{PARI/GP, version {\tt 2.5.5}}",
  year		= 2013,
  address	= "Bordeaux",
  note		= "available from \url{http://pari.math.u-bordeaux.fr/}"
}

@Book{		  mupad.96,
  author	= {{The MuPAD Group, Benno Fuchssteiner et al.}},
  title		= {MuPAD User's Manual - MuPAD Version 1.2.2},
  publisher	= {John Wiley and sons, Chichester, New York},
  edition	= {first},
  year		= {1996},
  month		= {march},
  isbn		= {Wiley: 0-471-96716-5, Teubner: 3-519-02114-5},
  note		= {includes a CD for Apple Macintosh and UNIX},
  keywords	= {MuPAD, Help Pages, Language Structure, Parallelism}
}
